@article{Wyrzykowski,
    author = {Wyrzykowski, Łukasz and Rynkiewicz, Alicja and Skowron, Jan},
    title = {OGLE-III MICROLENSING EVENTS AND THE STRUCTURE OF THE GALACTIC BULGE},
    journal = "ApJS",
    volume = "216 ",
    number = "12",
    year = "2015",
    DOI = "https://iopscience.iop.org/article/10.1088/0067-0049/216/1/12/pdf",
    keywords = "physics"
}

@article{1996,
   title={GRAVITATIONAL MICROLENSING IN THE LOCAL GROUP},
   volume={34},
   ISSN={1545-4282},
   url={http://dx.doi.org/10.1146/annurev.astro.34.1.419},
   DOI={10.1146/annurev.astro.34.1.419},
   number={1},
   journal={Annual Review of Astronomy and Astrophysics},
   publisher={Annual Reviews},
   author={Bohdan Paczyński},
   year={1996},
   month={Sep},
   pages={419–459}
}
@misc{OGLE,
  author = {Udalski, Andrzej and Szymanski, Michal},
  title = {OGLE-IV EARLY WARNING SYSTEM},
  year = {2019},
  note = {data retrieved from The Optical Gravitational Lensing Experiment, 
          \url{http://ogle.astrouw.edu.pl/ogle4/ews/2019/ews.html}},
}


@book{keeton,
    title = {Principles of Astrophysics. Using Gravity and Stellar Physics to Explore the Cosmos},
    author = {Charles Keeton},
    isbn = {978-1-4614-9236-8},
    year = {2014},
    publisher = {Springer},
    keywords = {physics}
}

@online{emceedocumentation,
    author = "Foreman-Mackey, Dan and Contributors",
    title = "Fitting a Model to Data",
    url  = "https://emcee.readthedocs.io/en/develop/user/line/",
    year = "2017",
    addendum = "(accessed: 11.04.2021)",
    keywords = "latex,emcee"
}